@Article{BSW18,
  author        = {Dan J. Bower and Patrick Sanan and Aaron S. Wolf},
  title         = {Numerical solution of a non-linear conservation law applicable to the interior dynamics of partially molten planets},
  journal       = {Phys. Earth Planet. Inter.},
  year          = {2018},
  volume        = {274},
  pages         = {49--62},
  month         = nov,
  adsnote       = {Provided by the SAO/NASA Astrophysics Data System},
  adsurl        = {https://ui.adsabs.harvard.edu/abs/2018PEPI..274...49B},
  archiveprefix = {arXiv},
  doi           = {10.1016/j.pepi.2017.11.004},
  eprint        = {1711.07303},
  file          = {:2018/2018_bower_pepi.pdf:PDF},
  primaryclass  = {astro-ph.EP},
}

@InBook{ABE93,
  pages     = {41--54},
  title     = {Thermal Evolution and Chemical Differentiation of the Terrestrial Magma Ocean},
  publisher = {AGU, {W}ashington, {D.C.}},
  year      = {1993},
  author    = {Yutaka Abe},
  editor    = {E. Takahashi and R. Jeanloz and D. Rubie},
  volume    = {74},
  month     = jan,
  booktitle = {Evolution of the Earth and Planets},
  doi       = {10.1029/GM074p0041},
  file      = {:1993/1993_abe_agu.pdf:PDF},
  owner     = {dan},
  timestamp = {2014.01.31},
}

@InCollection{ABE95,
  author    = {Yutaka Abe},
  title     = {Basic equations for evolution of partially molten mantle and core},
  booktitle = {The Earth's Central Part: Its Structure and Dynamics},
  publisher = {Terra Sci. Pub. Com., Tokyo},
  year      = {1995},
  editor    = {T. Yukutake},
  pages     = {215--230},
  file      = {:1995/1995_abe_central.pdf:PDF},
  owner     = {dan},
  timestamp = {2014.02.06},
  url       = {https://www.terrapub.co.jp/e-library/ecp/pdf/EC0215.PDF},
}

@Article{ABE97,
  author    = {Yutaka Abe},
  title     = {Thermal and chemical evolution of the terrestrial magma ocean},
  journal   = {Phys. Earth Planet. Inter.},
  year      = {1997},
  volume    = {100},
  pages     = {27--39},
  doi       = {10.1016/S0031-9201(96)03229-3},
  file      = {:1997/1997_abe_pepi.pdf:PDF},
  owner     = {dan},
  timestamp = {2014.01.31},
}

@InCollection{SOLO07,
  author    = {V. S. Solomatov},
  title     = {Magma Oceans and Primordial Mantle Differentiation},
  booktitle = {Treatise on Geophysics},
  publisher = {Elsevier},
  year      = {2007},
  editor    = {Gerald Schubert},
  volume    = {9: Evolution of the Earth},
  chapter   = {4},
  pages     = {91--119},
  doi       = {10.1016/B978-044452748-6.00141-3},
  file      = {:2007/2007_solomatov_tg.pdf:PDF;:2007/2007_solomatov_tg2.pdf:PDF},
  owner     = {dan},
  timestamp = {2014.02.08},
}

@Article{CBO24,
  author        = {Alfred Curry and Richard Booth and James E. Owen and
Subhanjoy Mohanty},
  title         = {The evolution of catastrophically evaporating rocky planets},
  journal       = {Monthly Notices of the Royal Astronomical Society},
  year          = {2024},
  volume        = {528},
  pages         = {4314-4336},
  month         = jan,
  doi           = {10.1093/mnras/stae191},
}