@Article{BSW18,
  author        = {Dan J. Bower and Patrick Sanan and Aaron S. Wolf},
  title         = {Numerical solution of a non-linear conservation law applicable to the interior dynamics of partially molten planets},
  journal       = {Physics of the Earth and Planetary Interiors},
  year          = {2018},
  volume        = {274},
  pages         = {49--62},
  month         = nov,
  adsnote       = {Provided by the SAO/NASA Astrophysics Data System},
  adsurl        = {https://ui.adsabs.harvard.edu/abs/2018PEPI..274...49B},
  archiveprefix = {arXiv},
  doi           = {https://doi.org/10.1016/j.pepi.2017.11.004},
  eprint        = {1711.07303},
  primaryclass  = {astro-ph.EP},
}

@Article{BKW19,
  author        = {D.~J. Bower and D. Kitzmann and A.~S. Wolf and P. Sanan and C. Dorn and A.~V. Oza},
  journal       = {Astronomy \& Astrophysics},
  title         = {Linking the evolution of terrestrial interiors and an early outgassed atmosphere to astrophysical observations},
  year          = {2019},
  month         = apr,
  number        = {A103},
  volume        = {631},
  adsnote       = {Provided by the SAO/NASA Astrophysics Data System},
  adsurl        = {https://ui.adsabs.harvard.edu/abs/2019arXiv190408300B},
  archiveprefix = {arXiv},
  doi           = {https://doi.org/10.1051/0004-6361/201935710},
  eprint        = {1904.08300},
  primaryclass  = {astro-ph.EP},
}

@Article{BHS22,
  author  = {D.~J. Bower and K.~Hakim and P.~Sanan and P.~A. Sossi},
  journal = {The Planetary Science Journal},
  title   = {Retention of water in terrestrial magma oceans and carbon-rich early atmospheres},
  year    = {2022},
  month   = apr,
  number  = {4},
  pages   = {93},
  volume  = {3},
  primaryClass = {astro-ph.EP},
  adsurl = {https://ui.adsabs.harvard.edu/abs/2022PSJ.....3...93B},
  adsnote = {Provided by the SAO/NASA Astrophysics Data System},
  archivePrefix = {arXiv},
  eprint = {2110.08029},
  doi     = {https://doi.org/10.3847/PSJ/ac5fb1},
}

@Article{BTT24,
  author  = {D.~J. Bower and M.~A. Thompson and M. Tian and P.~A. Sossi},
  journal = {Astrophysical Journal},
  title   = {Diversity of rocky planet atmospheres in the {C}-{H}-{O}-{N}-{S}-{Cl} system with interior dissolution},
  year    = {2024},
}

@InCollection{SOLO07,
  author    = {V. S. Solomatov},
  title     = {Magma Oceans and Primordial Mantle Differentiation},
  booktitle = {Treatise on Geophysics},
  publisher = {Elsevier},
  year      = {2007},
  editor    = {Gerald Schubert},
  volume    = {9: Evolution of the Earth},
  chapter   = {4},
  pages     = {91--119},
  doi       = {https://doi.org/10.1016/B978-044452748-6.00141-3},
}

@Article{SS93,
  author    = {Solomatov, Viatcheslav S. and Stevenson, David J.},
  title     = {Suspension in convective layers and style of differentiation of a terrestrial magma ocean},
  journal   = {Journal of Geophysical Research},
  year      = {1993},
  volume    = {98},
  number    = {E3},
  pages     = {5375--5390},
  doi       = {https://doi.org/10.1029/92JE02948},
  issn      = {2156-2202},
}

@ARTICLE{BBC07,
  author = {Bouhifd, M.~A. and Besson, P. and Courtial, P. and G{\'e}rardin, C. and Navrotsky, A. and Richet, P.},
  title = "Thermochemistry and melting properties of basalt",
  journal = {Contributions to Mineralogy and Petrology},
  year = 2007,
  month = jun,
  volume = {153},
  number = {6},
  pages = {689--698},
  doi = {https://doi.org/10.1007/s00410-006-0170-8},
  adsurl = {https://ui.adsabs.harvard.edu/abs/2007CoMP..153..689B},
  adsnote = {Provided by the SAO/NASA Astrophysics Data System}
}